@misc{ wiki:pos,
   author = "Wikipedia",
   title = "Part-of-speech tagging --- {W}ikipedia{,} The Free Encyclopedia",
   year = "2015",
   url = "https://en.wikipedia.org/wiki/Part-of-speech_tagging",
   note = "[Online; accessed 1-November-2015]"
}
 
@misc{ wiki:nlp,
   author = "Wikipedia",
   title = "Natural language processing --- {W}ikipedia{,} The Free Encyclopedia",
   year = "2015",
   url = "https://en.wikipedia.org/wiki/Natural_language_processing",
   note = "[Online; accessed 1-November-2015]"
}
 
@misc{ so:uses,
   author = "StackOverflow",
   title = "Uses/Applications of Part-of-speech-tagging (POS Tagging)",
   year = "2015",
   url = "http://stackoverflow.com/questions/23989168/uses-applications-of-part-of-speech-tagging-pos-tagging",
   note = "[Online; accessed 1-November-2015]"
}

@misc{ dataset,
   author = "Sabine Buchholz",
   title = "Co{NLL} 2000 {D}ata",
   year = "2015",
   url = "http://www.cnts.ua.ac.be/conll2000/chunking/",
   note = "[Online; accessed 1-November-2015]"
} 
 
@misc{ tags,
   author = "Penn Linguistics",
   title = "Penn {T}reebank {P.O.S. T}ags",
   year = "2015",
   url = "https://www.ling.upenn.edu/courses/Fall_2003/ling001/penn_treebank_pos.html",
   note = "[Online; accessed 1-November-2015]"
}